<?xml version="1.0" encoding="UTF-8"?><collection xmlns="http://www.loc.gov/MARC21/slim"><record><leader>00444nam--2200169-i-4500</leader><controlfield tag="001">000009741</controlfield><controlfield tag="002">20161230</controlfield><controlfield tag="005">20170209160432</controlfield><controlfield tag="008">060222s1000------------r-----000-0-eng-d</controlfield><datafield ind1=" " ind2=" " tag="100"><subfield code="a">Adda, Yves</subfield></datafield><datafield ind1=" " ind2=" " tag="245"><subfield code="a">Comportment de l uranium sous irradiation</subfield></datafield><datafield ind1=" " ind2=" " tag="260"><subfield code="a">Saclay</subfield><subfield code="b">Centre D Etudes Nucle</subfield><subfield code="c">1964</subfield></datafield><datafield ind1=" " ind2=" " tag="300"><subfield code="a">11 p. + 15 Figuri</subfield></datafield><datafield ind1=" " ind2=" " tag="490"><subfield code="a">Rapport Cea-r</subfield><subfield code="v">2671</subfield></datafield><datafield ind1=" " ind2=" " tag="700"><subfield code="a">Quere, Yves</subfield></datafield><datafield ind1=" " ind2=" " tag="852"><subfield code="a">13455</subfield></datafield><datafield ind1=" " ind2=" " tag="CAT"><subfield code="a">SYS</subfield><subfield code="c">20170209</subfield><subfield code="h">160432</subfield></datafield></record></collection>